@article{goble2014better,
  title={Better software, better research},
  author={Goble, Carole},
  journal={IEEE Internet Computing},
  volume={18},
  number={5},
  pages={4--8},
  year={2014},
  publisher={IEEE}
}

@inproceedings{hannay2009scientists,
  title={How do scientists develop and use scientific software?},
  author={Hannay, Jo Erskine and MacLeod, Carolyn and Singer, Janice and Langtangen, Hans Petter and Pfahl, Dietmar and Wilson, Greg},
  booktitle={2009 ICSE Workshop on Software Engineering for Computational Science and Engineering},
  pages={1--8},
  year={2009},
  organization={Ieee}
}


@article{wilson2014best,
  title={Best practices for scientific computing},
  author={Wilson, Greg and Aruliah, Dhavide A and Brown, C Titus and Hong, Neil P Chue and Davis, Matt and Guy, Richard T and Haddock, Steven HD and Huff, Kathryn D and Mitchell, Ian M and Plumbley, Mark D and others},
  journal={PLoS biology},
  volume={12},
  number={1},
  pages={e1001745},
  year={2014},
  publisher={Public Library of Science}
}

@article{storer2017bridging,
  title={Bridging the chasm: A survey of software engineering practice in scientific programming},
  author={Storer, Tim},
  journal={ACM Computing Surveys (CSUR)},
  volume={50},
  number={4},
  pages={1--32},
  year={2017},
  publisher={ACM New York, NY, USA}
}

@article{soergel2014rampant,
  title={Rampant software errors may undermine scientific results},
  author={Soergel, David AW},
  journal={F1000Research},
  volume={3},
  year={2014},
  publisher={Faculty of 1000 Ltd}
}

@article{merali2010computational,
  title={Computational science:... error.},
  author={Merali, Zeeya},
  journal={Nature},
  volume={467},
  number={7317},
  pages={775--777},
  year={2010}
}

  @misc{ enwiki:1045982192,
    author = "{Wikipedia contributors}",
    title = "Simulation software --- {Wikipedia}{,} The Free Encyclopedia",
    year = "2021",
    url = "https://en.wikipedia.org/w/index.php?title=Simulation_software&oldid=1045982192",
    note = "[Online; accessed 7-December-2021]"
  }

@misc{miller2006scientist,
  title={A scientist's nightmare: software problem leads to five retractions},
  author={Miller, Greg},
  year={2006},
  publisher={American Association for the Advancement of Science}
}

@article{jimenez2017four,
  title={Four simple recommendations to encourage best practices in research software},
  author={Jim{\'e}nez, Rafael C and Kuzak, Mateusz and Alhamdoosh, Monther and Barker, Michelle and Batut, B{\'e}r{\'e}nice and Borg, Mikael and Capella-Gutierrez, Salvador and Hong, Neil Chue and Cook, Martin and Corpas, Manuel and others},
  journal={F1000Research},
  volume={6},
  year={2017},
  publisher={Faculty of 1000 Ltd}
}

@article{altman2015introduction, title={An introduction to the joint principles for data citation}, author={Altman, Micah and Borgman, Christine and Crosas, Merc{`e} and Matone, Maryann}, journal={Bulletin of the Association for Information Science and Technology}, volume={41}, number={3}, pages={43--45}, year={2015}, publisher={Wiley Online Library} }

@article{schindler2021somesci,
  title={SoMeSci-A 5 Star Open Data Gold Standard Knowledge Graph of Software Mentions in Scientific Articles},
  author={Schindler, David and Bensmann, Felix and Dietze, Stefan and Kr{\"u}ger, Frank},
  journal={arXiv preprint arXiv:2108.09070},
  year={2021}
}

@article{allen2018schroedinger,
  title={Schroedingerâ€™s code: A preliminary study on research source code availability and link persistence in astrophysics},
  author={Allen, Alice and Teuben, Peter J and Ryan, P Wesley},
  journal={The Astrophysical Journal Supplement Series},
  volume={236},
  number={1},
  pages={10},
  year={2018},
  publisher={IOP Publishing}
}

  @misc{ enwiki:1052485049,
    author = "{Wikipedia contributors}",
    title = "Data analysis --- {Wikipedia}{,} The Free Encyclopedia",
    year = "2021",
    url = "https://en.wikipedia.org/w/index.php?title=Data_analysis&oldid=1052485049",
    note = "[Online; accessed 7-December-2021]"
  }

@article{howison2015understanding,
  title={Understanding the scientific software ecosystem and its impact: Current and future measures},
  author={Howison, James and Deelman, Ewa and McLennan, Michael J and Ferreira da Silva, Rafael and Herbsleb, James D},
  journal={Research Evaluation},
  volume={24},
  number={4},
  pages={454--470},
  year={2015},
  publisher={Oxford University Press}
}

@article{kanewala2014testing,
  title={Testing scientific software: A systematic literature review},
  author={Kanewala, Upulee and Bieman, James M},
  journal={Information and software technology},
  volume={56},
  number={10},
  pages={1219--1232},
  year={2014},
  publisher={Elsevier}
}

@article{jay2020software,
  title={Software must be recognised as an important output of scholarly research},
  author={Jay, Caroline and Haines, Robert and Katz, Daniel S},
  journal={arXiv preprint arXiv:2011.07571},
  year={2020}
}

  @misc{ enwiki:1054482061,
    author = "{Wikipedia contributors}",
    title = "Ariane 5 --- {Wikipedia}{,} The Free Encyclopedia",
    year = "2021",
    url = "https://en.wikipedia.org/w/index.php?title=Ariane_5&oldid=1054482061",
    note = "[Online; accessed 7-December-2021]"
  }

@article{andre2014nobel,
  title={The nobel prize in chemistry 2013},
  author={Andr{\'e}, Jean-Marie},
  journal={Chemistry International},
  volume={36},
  number={2},
  pages={2--7},
  year={2014},
  publisher={De Gruyter}
}

@article{yan2017case,
  title={Case studies of nuclear research software development},
  author={Yan, Huiping and Yatabe, Susan},
  journal={CNL Nuclear Review},
  volume={8},
  number={1},
  pages={35--51},
  year={2017},
  publisher={Canadian Nuclear Laboratories}
}

  @misc{ enwiki:1053274189,
    author = "{Wikipedia contributors}",
    title = "Comprehensive Nuclear-Test-Ban Treaty --- {Wikipedia}{,} The Free Encyclopedia",
    year = "2021",
    url = "https://en.wikipedia.org/w/index.php?title=Comprehensive_Nuclear-Test-Ban_Treaty&oldid=1053274189",
    note = "[Online; accessed 7-December-2021]"
  }

@article{yang2018important,
  title={How important is scientific software in bioinformatics research? A comparative study between international and Chinese research communities},
  author={Yang, Bo and Rousseau, Ronald and Wang, Xue and Huang, Shuiqing},
  journal={Journal of the Association for Information Science and Technology},
  volume={69},
  number={9},
  pages={1122--1133},
  year={2018},
  publisher={Wiley Online Library}
}

@article{pan2016disciplinary,
  title={Disciplinary differences of software use and impact in scientific literature},
  author={Pan, Xuelian and Yan, Erjia and Hua, Weina},
  journal={Scientometrics},
  volume={109},
  number={3},
  pages={1593--1610},
  year={2016},
  publisher={Springer}
}

@article{lutz2011software,
  title={Software engineering for space exploration},
  author={Lutz, Robyn},
  journal={Computer},
  volume={44},
  number={10},
  pages={41--46},
  year={2011},
  publisher={IEEE}
}

  @misc{ enwiki:1052167868,
    author = "{Wikipedia contributors}",
    title = "Event Horizon Telescope --- {Wikipedia}{,} The Free Encyclopedia",
    year = "2021",
    url = "https://en.wikipedia.org/w/index.php?title=Event_Horizon_Telescope&oldid=1052167868",
    note = "[Online; accessed 7-December-2021]"
  }

  @misc{ enwiki:1047100294,
    author = "{Wikipedia contributors}",
    title = "LIGO --- {Wikipedia}{,} The Free Encyclopedia",
    year = "2021",
    url = "https://en.wikipedia.org/w/index.php?title=LIGO&oldid=1047100294",
    note = "[Online; accessed 7-December-2021]"
  }

  @misc{ enwiki:1056292826,
    author = "{Wikipedia contributors}",
    title = "Software --- {Wikipedia}{,} The Free Encyclopedia",
    year = "2021",
    url = "https://en.wikipedia.org/w/index.php?title=Software&oldid=1056292826",
    note = "[Online; accessed 7-December-2021]"
  }

 @misc{ enwiki:1055624679,
    author = "{Wikipedia contributors}",
    title = "Algorithm --- {Wikipedia}{,} The Free Encyclopedia",
    year = "2021",
    url = "https://en.wikipedia.org/w/index.php?title=Algorithm&oldid=1055624679",
    note = "[Online; accessed 7-December-2021]"
  }

  @misc{ enwiki:1055665216,
    author = "{Wikipedia contributors}",
    title = "Programming language --- {Wikipedia}{,} The Free Encyclopedia",
    year = "2021",
    url = "https://en.wikipedia.org/w/index.php?title=Programming_language&oldid=1055665216",
    note = "[Online; accessed 7-December-2021]"
  }

@article{wolfram1984computer,
  title={Computer software in science and mathematics},
  author={Wolfram, Stephen},
  journal={Scientific American},
  volume={251},
  number={3},
  pages={188--203},
  year={1984},
  publisher={JSTOR}
}

@article{orduna2021link,
  title={Link-based approach to study scientific software usage: the case of VOSviewer},
  author={Ordu{\~n}a-Malea, Enrique and Costas, Rodrigo},
  journal={Scientometrics},
  volume={126},
  number={9},
  pages={8153--8186},
  year={2021},
  publisher={Springer}
}

@article{hettrick2014uk,
  title={Uk research software survey 2014},
  author={Hettrick, Simon and Antonioletti, Mario and Carr, Leslie and Chue Hong, Neil and Crouch, Stephen and De Roure, David and Emsley, Iain and Goble, Carole and Hay, Alexander and Inupakutika, Devasena and others},
  year={2014},
  publisher={Zenodo}
}

@inproceedings{nangia2017track,
  title={Track 1 paper: surveying the US National Postdoctoral Association regarding software use and training in research},
  author={Nangia, Udit and Katz, Daniel S and others},
  booktitle={Workshop on Sustainable Software for Science: Practice and Experiences (WSSSPE 5.1)},
  year={2017}
}