% Encoding: windows-1252

@Book{bentley:1999,
  title = {{P}rogramming {P}earls},
  publisher = {Ad\-dison--Wesley},
  year = {1999},
  author = {Jon Bentley},
  address = {Boston, MA, USA},
  edition = {2},
}

@Book{bringhurst:2002,
  title = {{T}he {E}lements of {T}ypographic {S}tyle},
  publisher = {Hartley \& Marks Publishers},
  year = {2013},
  author = {Robert Bringhurst},
  series = {Version 4.0: 20th Anniversary Edition},
  address = {Point Roberts, WA, USA}
}

@Book{cormen:2001,
  title = {{I}ntroduction to {A}lgorithms},
  publisher = {The MIT Press},
  year = {2009},
  author = {Cormen, Thomas H. and Leiserson, Charles E. and Rivest, Ronald L. and Clifford Stein},
  address = {Cambridge, MA, USA},
  edition = 3
}

@Book{dueck:trio,
  title = {{D}ueck's {T}rilogie 2.1: {O}mnisophie -- {S}upramanie -- {T}opothesie},
  publisher = {Springer},
  address = {Berlin, Germany},
  year = {2013},
  author = {Gunter Dueck}
}

@Article{knuth:1976,
  author = {Knuth, Donald E.},
  title = {{B}ig {O}micron and {B}ig {O}mega and {B}ig {T}heta},
  journal = {SIGACT News},
  year = {1976},
  volume = {8},
  pages = {18--24},
  number = {2},
  address = {New York, NY, USA},
  publisher = {ACM Press}
}

@Article{knuth:1974,
  author = {Knuth, Donald E.},
  title = {{C}omputer {P}rogramming as an {A}rt},
  journal = {Communications of the ACM},
  year = {1974},
  volume = {17},
  pages = {667--673},
  number = {12},
  address = {New York, NY, USA},
  publisher = {ACM Press}
}

@Book{sommerville:1992,
  title = {{S}oftware {E}ngineering},
  publisher = {Addison-Wesley},
  year = {2015},
  author = {Ian Sommerville},
  address = {Boston, MA, USA},
  edition = 10
}

@Book{taleb:2012,
  title = {{A}ntifragile: {T}hings {T}hat {G}ain from {D}isorder},
  publisher = {Random House},
  year = {2012},
  author = {Taleb, Nassim Nicholas},
  address = {New York, NY, USA},
}

@Book{taleb:2010,
  title = {The Black Swan: The Impact of the Highly Improbable},
  publisher = {Random House},
  year = {2010},
  author = {Taleb, Nassim Nicholas},
  address = {New York, NY, USA}
}
 

@Book{ferriss:2016,
  title={Tools of Titans: The Tactics, Routines, and Habits of Billionaires, Icons, and World-Class Performers},
  author={Timothy Ferriss},
  publisher={Houghton Mifflin Harcourt},
  year={2016},
  address = {Boston, MA, USA},
}

@Book{adams:1996,
  author = {Adams, Scott},
  title = {The Dilbert Principle},
  publisher = {Harper Business},
  year = {1996},
  address = {New York, NY, USA}
}

@Book{adams:2013,
  author = {Adams, Scott},
  title = {How to Fail at Almost Everything and Still Win Big: Kind of the Story of My Life},
  publisher = {Portfolio Penguin},
  year = {2013},
  address = {London, United Kingdom},
}

@Book{aurelius:2002,
  author = {Aurelius, Marcus},
  title = {Meditations (A New Translation)},
  publisher = {Modern Library},
  year = {2002},
  address = {New York, NY, USA},
}

@Book{cialdini:1984,
  author = {Cialdini, Robert B.},
  title = {Influence: The Psychology of Persuasion},
  publisher = {Harper Business},
  year = {1984},
  address = {New York, NY, USA}
}

@Book{feynman:1985,
  title = {{S}urely {Y}ou're {J}oking, {M}r. {F}eynman: {A}dventures of a {C}urious {C}haracter},
  publisher = {W. W. Norton},
  year = {1985},
  author = {Feynman, Richard P.},
  address = {New York, NY, USA},
}

@Book{greenwald:2014,
  title = {{N}o {P}lace to {H}ide: {E}dward {S}nowden, the {NSA}, and the {S}urveillance {S}tate},
  publisher = {Metropolitan Books},
  year = {2014},
  author = {Greenwald, Glenn},
  address = {New York, NY, USA},
}

@Book{orwell:1949,
  author = {Orwell, George},
  title = {Nineteen Eighty-Four},
  publisher = {Secker \& Warburg},
  year = {1949},
  address = {London, United Kingdom}
}

@Book{pausch:2008,
  title = {The Last Lecture},
  publisher = {Hodder \& Stoughton},
  year = {2008},
  author = {Pausch, Randy},
  address = {London, United Kingdom},
}

@Book{seneca,
  author = {Seneca, Lucius},
  title = {Letters from a Stoic: Epistulae Morales ad Lucilium},
  publisher = {Penguin},
  year = {1969},
  address = {Harmondsworth, United Kingdom}
}

@Book{trump:1987,
  author = {Trump, Donald J. and Schwartz, Tony},
  title = {Trump: The Art of the Deal},
  publisher = {Random House},
  year = {1987},
  address = {New York, NY, USA}
}

@Book{frankl:1959,
  author = {Frankl, Viktor E.},
  title = {Man's Search for Meaning},
  publisher = {Beacon Press},
  year = {1959},
  address = {Boston, MA, USA}
}

@Book{munger:2008,
  title = {Poor Charlie's Almanack: The Wit and Wisdom of Charles T. Munger},
  publisher = {Donning Company},
  year = {2008},
  author = {Munger, Charles T.},
  address = {Virginia Beach, VA, USA},
  edition = {3},
}
 
@Book{postman:2005,
  author = {Postman, Neil},
  title = {Amusing Ourselves to Death: Public Discourse in the Age of Show Business (20th Anniversary Edition)},
  publisher = {Penguin Books},
  year = {2005},
  address = {New York, NY, USA}
}

@Misc{wikipedia:csma,
  author = {Wikipedia contributors},
  title = {{Carrier Sense Multiple Access}},
  year = {2018},
  howpublished = {\href{https://de.wikipedia.org/w/index.php?title=Carrier\_Sense\_Multiple\_Access\&oldid=179780893}{https://de.wikipedia. org/w/index.php?title=Carrier\_Sense\_Multiple\_Access\&oldid=179780893}},
  note = {[Online; accessed 22-July-2004]}
}

@Misc{wikipedia:plagiarism,
  author = {Wikipedia contributors},
  title = {{Plagiarism -- Wikipedia, The Free Encyclopedia}},
  year = {2004},
  howpublished = {\href{http://en.wikipedia.org/w/index.php?title=Plagiarism\&oldid=5139350}{http://en.wikipedia.org/w/index.php?title=Plagiarism\&oldid=5139350}},
  note = {[Online; accessed 22-July-2004]}
}

@Misc{wikipedia:citing,
  author = {Wikipedia contributors},
  title = {{Citing Wikipedia}},
  year = {2018},
  howpublished = {\href{https://en.wikipedia.org/w/index.php?title=Wikipedia:Citing\_Wikipedia\&oldid=918052627}{https://en.wikipedia.org/w/index. php?title=Wikipedia:Citing\_Wikipedia\&oldid=918052627}},
  note = {[Online; accessed 22-October-2019]}
}

@Misc{wikipedia:citing_harvard,
  author = {Wikipedia contributors},
  title = {{Autor-Jahr-Zitierweise}},
  year = {2019},
  howpublished = {\href{https://de.wikipedia.org/w/index.php?title=Autor-Jahr-Zitierweise\&oldid=190142684}{https://de.wikipedia.org/w/ index.php?title=Autor-Jahr-Zitierweise\&oldid=190142684}},
  note = {[Online; accessed 21-Januar-2020]}
}

@Misc{wikipedia:citing_ieee,
  author = {Wikipedia contributors},
  title = {{IEEE Style}},
  year = {2020},
  howpublished = {\href{https://en.wikipedia.org/w/index.php?title=IEEE\_style\&oldid=936368639}{https://en.wikipedia.org/w/index.php? title=IEEE\_style\&oldid=936368639}},
  note = {[Online; accessed 21-Januar-2020]}
}

@Inproceedings{bredel:2009:01,
  author = {Michael Bredel and Markus Fidler},
  title = {{Understanding Fairness and its Impact on Quality of Service in IEEE 802.11}},
  booktitle = {Proc. of {IEEE} Infocom},
  year = {2009},
  month = apr,
  pages = {1098--1106}
}

@Misc{bildblog:guttenberg,
  author = {Bildblog},
  title = {{Wie ich Freiherr zu Guttenberg zu Wilhelm machte}},
  year = {2009},
  howpublished = {\href{https://bildblog.de/5704/wie-ich-freiherr-von-guttenberg-zu-wilhelm-machte/}{https://bild blog.de/5704/wie-ich-freiherr-von-guttenberg-zu-wilhelm-machte/}},
  note = {[Online; accessed 22-October-2019]}
}

@Misc{spiegel:guttenberg,
  author = {Spiegel},
  title = {{Falscher Wilhelm bei Minister Guttenberg}},
  year = {2009},
  howpublished = {\href{https://www.spiegel.de/politik/deutschland/in-eigener-sache-falscher-wilhelm-bei-minister-guttenberg-a-606912.html}{https://www.spiegel.de/ politik/deutschland/in-eigener-sache-falscher-wilhelm-bei-minister-guttenberg -a-606912.html}},
  note = {[Online; accessed 22-October-2019]}
}

@Misc{rundschau:wikipedia,
  author = {Frankfurter Rundschau},
  title = {{Wikipedia - Wie ich Stalins Badezimmer erschuf}},
  year = {2011},
  howpublished = {\href{https://www.fr.de/kultur/stalins-badezimmer-erschuf-11720309.html}{https://www.fr.de/kultur/stalins-badezimmer-erschuf-11720309.html}},
  note = {[Online; accessed 22-October-2019]}
}

@Misc{wulff:2013:01,
  author = {Debora Weber-Wulff},
  title = {{Fremde Federn Finden - Kurs über Plagiat}},
  year = {2013},
  howpublished = {\href{http://plagiat.htw-berlin.de/ff/startseite/fremde\_federn\_finden}{http://plagiat.htw-berlin.de/ff/startseite/fremde\_federn\_finden}},
  note = {[Online; accessed 22-October-2019]}
}

@Book{eco:2010:01,
  author = {Umberto Eco},
  title = {{Wie man eine wissenschaftliche Abschlußarbeit schreibt}},
  publisher = {UTB GmbH},
  year = {2010},
  address = {Stuttgart, Germany}
}

@Book{dfg:2013:01,
  author = {{Deutsche Forschungsgemeinschaft}},
  publisher = {{Wiley-VCH}},
  title = {Vorschläge zur Sicherung guter wissenschaftlicher Praxis},
  howpublished = {\href{http://d-nb.info/1043456643}{http://d-nb.info/1043456643}},
  year = {2013},
  address = {Weinheim, Germany},
}

@Misc{hda:2012:01,
  author = {Fachhochschule Darmstadt},
  title = {{Allgemeine Bestimmungen für Prüfungsordnungen (ABPO) der Hochschule Darmstadt vom 08.12.2005 in der geänderten Fassung vom 17.04.2012}},
  year = {2012},
  howpublished = {\href{https://www.h-da.de/fileadmin/h\_da/Hochschule/Presse\_Publikationen/Hochschulanzeiger/ABPO\_2012-04-17.pdf}{https://www.h-da.de/fileadmin/h\_da/Hochschule/ Presse\_Publikationen/Hochschulanzeiger/ABPO\_2012-04-17.pdf}},
  note = {[Online; accessed 22-October-2019]}
}

@Misc{fbi:2014:01,
  author = {Fachbereich Informatik, Fachhochschule Darmstadt},
  title = {{Studien- und Prüfungsordnungen}},
  year = {2014},
  howpublished = {\href{https://fbi.h-da.de/fachbereich/gremien/pruefungsausschuss/studien-und-pruefungsordnungen/}{https://fbi.h-da.de/fachbereich/gremien/pruefungsausschuss/ studien-und-pruefungsordnungen/}},
  note = {[Online; accessed 22-October-2019]}
}

@Misc{mbredel:2020:01,
  author = {Michael von R\"{u}den and Andr\'{e} Miede},
  title = {{Thesis-Template des FBI}},
  year = {2020},
  howpublished = {\href{https://github.com/mbredel/thesis-template}{https://git- hub.com/mbredel/thesis-template}}
}

@article{goble2014better,
  title={Better software, better research},
  author={Goble, Carole},
  journal={IEEE Internet Computing},
  volume={18},
  number={5},
  pages={4--8},
  year={2014},
  publisher={IEEE}
}


@Misc{ enwiki:1056292826,
    author = "{Wikipedia contributors}",
    title = "Software --- {Wikipedia}{,} The Free Encyclopedia",
    year = "2021",
    howpublished = "\url{https://en.wikipedia.org/w/index.php?title=Software&oldid=1056292826}",
    note = "[Online; accessed 28-November-2021]"
  }

@article{wilson2014best,
  title={Best practices for scientific computing},
  author={Wilson, Greg and Aruliah, Dhavide A and Brown, C Titus and Hong, Neil P Chue and Davis, Matt and Guy, Richard T and Haddock, Steven HD and Huff, Kathryn D and Mitchell, Ian M and Plumbley, Mark D and others},
  journal={PLoS biology},
  volume={12},
  number={1},
  pages={e1001745},
  year={2014},
  publisher={Public Library of Science}
}



@inproceedings{hannay2009scientists,
  title={How do scientists develop and use scientific software?},
  author={Hannay, Jo Erskine and MacLeod, Carolyn and Singer, Janice and Langtangen, Hans Petter and Pfahl, Dietmar and Wilson, Greg},
  booktitle={2009 ICSE Workshop on Software Engineering for Computational Science and Engineering},
  pages={1--8},
  year={2009},
  organization={Ieee}
}

@article{storer2017bridging,
  title={Bridging the chasm: A survey of software engineering practice in scientific programming},
  author={Storer, Tim},
  journal={ACM Computing Surveys (CSUR)},
  volume={50},
  number={4},
  pages={1--32},
  year={2017},
  publisher={ACM New York, NY, USA}
}

@article{soergel2014rampant,
  title={Rampant software errors may undermine scientific results},
  author={Soergel, David AW},
  journal={F1000Research},
  volume={3},
  year={2014},
  publisher={Faculty of 1000 Ltd}
}

@article{merali2010computational,
  title={Computational science:... error.},
  author={Merali, Zeeya},
  journal={Nature},
  volume={467},
  number={7317},
  pages={775--777},
  year={2010}
}

  @misc{ enwiki:1045982192,
    author = "{Wikipedia contributors}",
    title = "Simulation software --- {Wikipedia}{,} The Free Encyclopedia",
    year = "2021",
    url = "https://en.wikipedia.org/w/index.php?title=Simulation_software&oldid=1045982192",
    note = "[Online; accessed 7-December-2021]"
  }

@misc{miller2006scientist,
  title={A scientist's nightmare: software problem leads to five retractions},
  author={Miller, Greg},
  year={2006},
  publisher={American Association for the Advancement of Science}
}

@article{jimenez2017four,
  title={Four simple recommendations to encourage best practices in research software},
  author={Jim{\'e}nez, Rafael C and Kuzak, Mateusz and Alhamdoosh, Monther and Barker, Michelle and Batut, B{\'e}r{\'e}nice and Borg, Mikael and Capella-Gutierrez, Salvador and Hong, Neil Chue and Cook, Martin and Corpas, Manuel and others},
  journal={F1000Research},
  volume={6},
  year={2017},
  publisher={Faculty of 1000 Ltd}
}

@article{altman2015introduction, title={An introduction to the joint principles for data citation}, author={Altman, Micah and Borgman, Christine and Crosas, Merc{`e} and Matone, Maryann}, journal={Bulletin of the Association for Information Science and Technology}, volume={41}, number={3}, pages={43--45}, year={2015}, publisher={Wiley Online Library} }

@article{schindler2021somesci,
  title={SoMeSci-A 5 Star Open Data Gold Standard Knowledge Graph of Software Mentions in Scientific Articles},
  author={Schindler, David and Bensmann, Felix and Dietze, Stefan and Kr{\"u}ger, Frank},
  journal={arXiv preprint arXiv:2108.09070},
  year={2021}
}

@article{allen2018schroedinger,
  title={Schroedinger’s code: A preliminary study on research source code availability and link persistence in astrophysics},
  author={Allen, Alice and Teuben, Peter J and Ryan, P Wesley},
  journal={The Astrophysical Journal Supplement Series},
  volume={236},
  number={1},
  pages={10},
  year={2018},
  publisher={IOP Publishing}
}

  @misc{ enwiki:1052485049,
    author = "{Wikipedia contributors}",
    title = "Data analysis --- {Wikipedia}{,} The Free Encyclopedia",
    year = "2021",
    url = "https://en.wikipedia.org/w/index.php?title=Data_analysis&oldid=1052485049",
    note = "[Online; accessed 7-December-2021]"
  }

@article{howison2015understanding,
  title={Understanding the scientific software ecosystem and its impact: Current and future measures},
  author={Howison, James and Deelman, Ewa and McLennan, Michael J and Ferreira da Silva, Rafael and Herbsleb, James D},
  journal={Research Evaluation},
  volume={24},
  number={4},
  pages={454--470},
  year={2015},
  publisher={Oxford University Press}
}

@article{kanewala2014testing,
  title={Testing scientific software: A systematic literature review},
  author={Kanewala, Upulee and Bieman, James M},
  journal={Information and software technology},
  volume={56},
  number={10},
  pages={1219--1232},
  year={2014},
  publisher={Elsevier}
}

@article{jay2020software,
  title={Software must be recognised as an important output of scholarly research},
  author={Jay, Caroline and Haines, Robert and Katz, Daniel S},
  journal={arXiv preprint arXiv:2011.07571},
  year={2020}
}

  @misc{ enwiki:1054482061,
    author = "{Wikipedia contributors}",
    title = "Ariane 5 --- {Wikipedia}{,} The Free Encyclopedia",
    year = "2021",
    url = "https://en.wikipedia.org/w/index.php?title=Ariane_5&oldid=1054482061",
    note = "[Online; accessed 7-December-2021]"
  }

@article{andre2014nobel,
  title={The nobel prize in chemistry 2013},
  author={Andr{\'e}, Jean-Marie},
  journal={Chemistry International},
  volume={36},
  number={2},
  pages={2--7},
  year={2014},
  publisher={De Gruyter}
}

@article{yan2017case,
  title={Case studies of nuclear research software development},
  author={Yan, Huiping and Yatabe, Susan},
  journal={CNL Nuclear Review},
  volume={8},
  number={1},
  pages={35--51},
  year={2017},
  publisher={Canadian Nuclear Laboratories}
}

  @misc{ enwiki:1053274189,
    author = "{Wikipedia contributors}",
    title = "Comprehensive Nuclear-Test-Ban Treaty --- {Wikipedia}{,} The Free Encyclopedia",
    year = "2021",
    url = "https://en.wikipedia.org/w/index.php?title=Comprehensive_Nuclear-Test-Ban_Treaty&oldid=1053274189",
    note = "[Online; accessed 7-December-2021]"
  }

@article{yang2018important,
  title={How important is scientific software in bioinformatics research? A comparative study between international and Chinese research communities},
  author={Yang, Bo and Rousseau, Ronald and Wang, Xue and Huang, Shuiqing},
  journal={Journal of the Association for Information Science and Technology},
  volume={69},
  number={9},
  pages={1122--1133},
  year={2018},
  publisher={Wiley Online Library}
}

@article{pan2016disciplinary,
  title={Disciplinary differences of software use and impact in scientific literature},
  author={Pan, Xuelian and Yan, Erjia and Hua, Weina},
  journal={Scientometrics},
  volume={109},
  number={3},
  pages={1593--1610},
  year={2016},
  publisher={Springer}
}

@article{lutz2011software,
  title={Software engineering for space exploration},
  author={Lutz, Robyn},
  journal={Computer},
  volume={44},
  number={10},
  pages={41--46},
  year={2011},
  publisher={IEEE}
}

  @misc{ enwiki:1052167868,
    author = "{Wikipedia contributors}",
    title = "Event Horizon Telescope --- {Wikipedia}{,} The Free Encyclopedia",
    year = "2021",
    url = "https://en.wikipedia.org/w/index.php?title=Event_Horizon_Telescope&oldid=1052167868",
    note = "[Online; accessed 7-December-2021]"
  }

  @misc{ enwiki:1047100294,
    author = "{Wikipedia contributors}",
    title = "LIGO --- {Wikipedia}{,} The Free Encyclopedia",
    year = "2021",
    url = "https://en.wikipedia.org/w/index.php?title=LIGO&oldid=1047100294",
    note = "[Online; accessed 7-December-2021]"
  }


 @Misc{ enwiki:1055624679,
    author = "{Wikipedia contributors}",
    title = "Algorithm --- {Wikipedia}{,} The Free Encyclopedia",
    year = "2021",
    url = "https://en.wikipedia.org/w/index.php?title=Algorithm&oldid=1055624679",
    note = "[Online; accessed 7-December-2021]"
  }

  @Misc{ enwiki:1055665216,
    author = "{Wikipedia contributors}",
    title = "Programming language --- {Wikipedia}{,} The Free Encyclopedia",
    year = "2021",
    url = "https://en.wikipedia.org/w/index.php?title=Programming_language&oldid=1055665216",
    note = "[Online; accessed 7-December-2021]"
  }

@article{wolfram1984computer,
  title={Computer software in science and mathematics},
  author={Wolfram, Stephen},
  journal={Scientific American},
  volume={251},
  number={3},
  pages={188--203},
  year={1984},
  publisher={JSTOR}
}

@article{orduna2021link,
  title={Link-based approach to study scientific software usage: the case of VOSviewer},
  author={Ordu{\~n}a-Malea, Enrique and Costas, Rodrigo},
  journal={Scientometrics},
  volume={126},
  number={9},
  pages={8153--8186},
  year={2021},
  publisher={Springer}
}

@article{hettrick2014uk,
  title={Uk research software survey 2014},
  author={Hettrick, Simon and Antonioletti, Mario and Carr, Leslie and Chue Hong, Neil and Crouch, Stephen and De Roure, David and Emsley, Iain and Goble, Carole and Hay, Alexander and Inupakutika, Devasena and others},
  year={2014},
  publisher={Zenodo}
}

@inproceedings{nangia2017track,
  title={Track 1 paper: surveying the US National Postdoctoral Association regarding software use and training in research},
  author={Nangia, Udit and Katz, Daniel S and others},
  booktitle={Workshop on Sustainable Software for Science: Practice and Experiences (WSSSPE 5.1)},
  year={2017}
}


@article{wagner2004challenges,
  title={Challenges for biomarkers in cancer detection},
  author={Wagner, Paul D and Verma, Mukesh and Srivastava, Sudhir},
  journal={Annals of the New York academy of sciences},
  volume={1022},
  number={1},
  pages={9--16},
  year={2004},
  publisher={Blackwell Publishing Ltd Oxford, UK}
}

@article{al2012lung,
  title={Lung cancer detection using image processing techniques},
  author={Al-Tarawneh, Mokhled S},
  journal={Leonardo Electronic Journal of Practices and Technologies},
  volume={11},
  number={21},
  pages={147--58},
  year={2012}
}

@article{norton2017slicerdmri,
  title={SlicerDMRI: open source diffusion MRI software for brain cancer research},
  author={Norton, Isaiah and Essayed, Walid Ibn and Zhang, Fan and Pujol, Sonia and Yarmarkovich, Alex and Golby, Alexandra J and Kindlmann, Gordon and Wassermann, Demian and Estepar, Raul San Jose and Rathi, Yogesh and others},
  journal={Cancer research},
  volume={77},
  number={21},
  pages={e101--e103},
  year={2017},
  publisher={AACR}
}