@article{goble2014better,
  title={Better software, better research},
  author={Goble, Carole},
  journal={IEEE Internet Computing},
  volume={18},
  number={5},
  pages={4--8},
  year={2014},
  publisher={IEEE}
}

@inproceedings{hannay2009scientists,
  title={How do scientists develop and use scientific software?},
  author={Hannay, Jo Erskine and MacLeod, Carolyn and Singer, Janice and Langtangen, Hans Petter and Pfahl, Dietmar and Wilson, Greg},
  booktitle={2009 ICSE Workshop on Software Engineering for Computational Science and Engineering},
  pages={1--8},
  year={2009},
  organization={Ieee}
}

@misc{ enwiki:1056292826,
    author = "{Wikipedia contributors}",
    title = "Software --- {Wikipedia}{,} The Free Encyclopedia",
    year = "2021",
    howpublished = "\url{https://en.wikipedia.org/w/index.php?title=Software&oldid=1056292826}",
    note = "[Online; accessed 28-November-2021]"
  }

@article{wilson2014best,
  title={Best practices for scientific computing},
  author={Wilson, Greg and Aruliah, Dhavide A and Brown, C Titus and Hong, Neil P Chue and Davis, Matt and Guy, Richard T and Haddock, Steven HD and Huff, Kathryn D and Mitchell, Ian M and Plumbley, Mark D and others},
  journal={PLoS biology},
  volume={12},
  number={1},
  pages={e1001745},
  year={2014},
  publisher={Public Library of Science}
}